@inproceedings{agarwal-zesch-2019-german,
  author    = {Aashish Agarwal and Torsten Zesch},
  title     = {German End-to-end Speech Recognition based on DeepSpeech},
  booktitle = {Proceedings of the 15th Conference on Natural Language Processing (KONVENS 2019): Long Papers},
  year      = {2019},
  address   = {Erlangen, Germany},
  publisher = {German Society for Computational Linguistics \& Language Technology},
  pages     = {111--119}
}
@misc{agarwal2020ltl,
  title={LTL-UDE at Low-Resource Speech-to-Text Shared Task: Investigating Mozilla DeepSpeech in a low-resource setting},
  author={Agarwal, Aashish and Zesch, Torsten},
  year={2020},
  publisher={preparation}
}
@inproceedings{graves2006connectionist,
  title     = {Connectionist temporal classification: labelling unsegmented sequence data with recurrent neural networks},
  author    = {Graves, Alex and Fern{\'a}ndez, Santiago and Gomez, Faustino and Schmidhuber, J{\"u}rgen},
  booktitle = {Proceedings of the 23rd international conference on Machine learning},
  pages     = {369--376},
  year      = {2006}
}
@misc{hannun2014deep,
  title         = {Deep Speech: Scaling up end-to-end speech recognition},
  author        = {Awni Hannun and Carl Case and Jared Casper and Bryan Catanzaro and Greg Diamos and Erich Elsen and Ryan Prenger and Sanjeev Satheesh and Shubho Sengupta and Adam Coates and Andrew Y. Ng},
  year          = {2014},
  eprint        = {1412.5567},
  archiveprefix = {arXiv},
  primaryclass  = {cs.CL}
}
@inproceedings{heafield-2011-kenlm,
  title         = {{K}en{LM}: Faster and Smaller Language Model Queries},
  author        = {Heafield, Kenneth},
  booktitle     = {Proceedings of the Sixth Workshop on Statistical Machine Translation},
  year          = {2011},
  publisher     = {Association for Computational Linguistics},
  pages         = {187--197},
}
@article{hochreiter1997long,
  title     = {Long short-term memory},
  author    = {Hochreiter, Sepp and Schmidhuber, J{\"u}rgen},
  journal   = {Neural computation},
  volume    = {9},
  number    = {8},
  pages     = {1735--1780},
  year      = {1997},
  publisher = {MIT Press}
}
@inproceedings{imai1983cepstral,
  title        = {Cepstral analysis synthesis on the mel frequency scale},
  author       = {Imai, Satoshi},
  booktitle    = {ICASSP'83. IEEE International Conference on Acoustics, Speech, and Signal Processing},
  volume       = {8},
  pages        = {93--96},
  year         = {1983},
  organization = {IEEE}
}
@misc{kingma2014adam,
  title         = {Adam: A Method for Stochastic Optimization},
  author        = {Diederik P. Kingma and Jimmy Ba},
  year          = {2014},
  eprint        = {1412.6980},
  archiveprefix = {arXiv},
  primaryclass  = {cs.LG}
}
@inproceedings{Radeck-Arneth2015,
  author    = {Radeck-Arneth, Stephan and Milde, Benjamin and Lange, Arvid and Gouvea, Evandro and Radomski, Stefan and M{\"{u}}hlh{\"{a}}user, Max and Biemann, Chris},
  booktitle = {Proceedings Text, Speech and Dialogue (TSD)},
  title     = {{Open Source German Distant Speech Recognition: Corpus and Acoustic Model}},
  year      = {2015},
  address   = {Pilsen, Czech Republic},
  pages     = {480--488}
}

@article{schroder2003german,
  title     = {The German text-to-speech synthesis system MARY: A tool for research, development and teaching},
  author    = {Schr{\"o}der, Marc and Trouvain, J{\"u}rgen},
  journal   = {International Journal of Speech Technology},
  volume    = {6},
  number    = {4},
  pages     = {365--377},
  year      = {2003},
}

@misc{brown2020language,
  title         = {Language Models are Few-Shot Learners},
  author        = {Tom B. Brown and Benjamin Mann and Nick Ryder and Melanie Subbiah and Jared Kaplan and Prafulla Dhariwal and Arvind Neelakantan and Pranav Shyam and Girish Sastry and Amanda Askell and Sandhini Agarwal and Ariel Herbert-Voss and Gretchen Krueger and Tom Henighan and Rewon Child and Aditya Ramesh and Daniel M. Ziegler and Jeffrey Wu and Clemens Winter and Christopher Hesse and Mark Chen and Eric Sigler and Mateusz Litwin and Scott Gray and Benjamin Chess and Jack Clark and Christopher Berner and Sam McCandlish and Alec Radford and Ilya Sutskever and Dario Amodei},
  year          = {2020},
  eprint        = {2005.14165},
  archiveprefix = {arXiv},
  primaryclass  = {cs.CL}
}

@inproceedings{DBLP:conf/rep4nlp/KunzeKKKJS17,
  author    = {Julius Kunze and
               Louis Kirsch and
               Ilia Kurenkov and
               Andreas Krug and
               Jens Johannsmeier and
               Sebastian Stober},
  title     = {Transfer Learning for Speech Recognition on a Budget},
  booktitle = {Proceedings of the 2nd Workshop on Representation Learning for NLP,
               Rep4NLP@ACL 2017, Vancouver, Canada, August 3, 2017},
  pages     = {168--177},
  publisher = {Association for Computational Linguistics},
  year      = {2017},
}


@article{DBLP:journals/corr/abs-1911-09271,
  author    = {Bryan Li and
               Xinyue Wang and
               Homayoon S. M. Beigi},
  title     = {Cantonese Automatic Speech Recognition Using Transfer Learning from
               Mandarin},
  journal   = {CoRR},
  year      = {2019},
}

@inproceedings{NIPS2017,
 author = {Belinkov, Yonatan and Glass, James},
 booktitle = {Advances in Neural Information Processing Systems},
 pages = {2441--2451},
 title = {Analyzing Hidden Representations in End-to-End Automatic Speech Recognition Systems},
 volume = {30},
 year = {2017}
}

@misc{huh2016makes,
      title={What makes ImageNet good for transfer learning?}, 
      author={Minyoung Huh and Pulkit Agrawal and Alexei A. Efros},
      year={2016},
      eprint={1608.08614},
      archivePrefix={arXiv},
      primaryClass={cs.CV}
}

@InProceedings{10.1007/978-3-319-10590-1_53,
author="Zeiler, Matthew D.
and Fergus, Rob",
title="Visualizing and Understanding Convolutional Networks",
booktitle="Computer Vision -- ECCV 2014",
year="2014",
publisher="Springer International Publishing",
pages="818--833",
}

@misc{pluess,
      title={Germeval 2020 task 4: Low-resource speech-to-text}, 
      author={Pl√ºss, Michel and Neukom, Lukas and Vogel, Manfred},
      year={2020},
}

@inproceedings{DBLP:conf/lrec/ArdilaBDKMHMSTW20,
  author    = {Rosana Ardila and
               Megan Branson and
               Kelly Davis and
               Michael Kohler and
               Josh Meyer and
               Michael Henretty and
               Reuben Morais and
               Lindsay Saunders and
               Francis M. Tyers and
               Gregor Weber},
  title     = {Common Voice: {A} Massively-Multilingual Speech Corpus},
  booktitle = {Proceedings of The 12th Language Resources and Evaluation Conference,
               {LREC} 2020, Marseille, France, May 11-16, 2020},
  pages     = {4218--4222},
  publisher = {European Language Resources Association},
  year      = {2020}
}